<record><leader>02124cam a2200397 i 4500</leader><controlfield tag="001">6677753</controlfield><controlfield tag="003">FlBoTFG</controlfield><controlfield tag="005">20140910124938.0</controlfield><controlfield tag="006">m    ||  d |      </controlfield><controlfield tag="007">cr |||</controlfield><controlfield tag="008">140910t20152015fluad   ob    001 0 eng d</controlfield><datafield ind1=" " ind2=" " tag="020"><subfield code="a">9781482222104 (e-book : PDF)</subfield></datafield><datafield ind1=" " ind2=" " tag="035"><subfield code="a">ocn890721185</subfield></datafield><datafield ind1=" " ind2=" " tag="039"><subfield code="a">exclude</subfield></datafield><datafield ind1=" " ind2=" " tag="040"><subfield code="a">FlBoTFG</subfield><subfield code="b">eng</subfield><subfield code="c">FlBoTFG</subfield><subfield code="e">rda</subfield><subfield code="d">AEU</subfield></datafield><datafield ind1=" " ind2="4" tag="050"><subfield code="a">TA2020</subfield><subfield code="b">.M35 2015</subfield></datafield><datafield ind1="0" ind2=" " tag="082"><subfield code="a">621.044</subfield><subfield code="b">M235</subfield></datafield><datafield ind1=" " ind2=" " tag="090"><subfield code="a">Internet Access</subfield><subfield code="b">AEU</subfield></datafield><datafield ind1="1" ind2=" " tag="100"><subfield code="a">Makabe, T.</subfield><subfield code="q">(Toshiaki),</subfield><subfield code="e">author.</subfield></datafield><datafield ind1="1" ind2="0" tag="245"><subfield code="a">Plasma electronics :</subfield><subfield code="b">applications in microelectronic device fabrication /</subfield><subfield code="c">Toshiaki Makabe, Zoran Lj. Petrovic.</subfield></datafield><datafield ind1=" " ind2=" " tag="250"><subfield code="a">Second edition.</subfield></datafield><datafield ind1=" " ind2="1" tag="264"><subfield code="a">Boca Raton :</subfield><subfield code="b">CRC Press,</subfield><subfield code="c">[2015]</subfield></datafield><datafield ind1=" " ind2="4" tag="264"><subfield code="c">&#169;2015</subfield></datafield><datafield ind1=" " ind2=" " tag="300"><subfield code="a">1 online resource :</subfield><subfield code="b">text file, PDF</subfield></datafield><datafield ind1=" " ind2=" " tag="336"><subfield code="a">text</subfield><subfield code="2">rdacontent</subfield></datafield><datafield ind1=" " ind2=" " tag="337"><subfield code="a">computer</subfield><subfield code="2">rdamedia</subfield></datafield><datafield ind1=" " ind2=" " tag="338"><subfield code="a">online resource</subfield><subfield code="2">rdacarrier</subfield></datafield><datafield ind1=" " ind2=" " tag="504"><subfield code="a">Includes bibliographical references and index.</subfield></datafield><datafield ind1="0" ind2=" " tag="505"><subfield code="a">chapter 1. Introduction -- chapter 2. Phenomenological description of the charged particle transport -- chapter 3. Macroscopic plasma characteristics -- chapter 4. Elementary processes in gas phase and on surfaces -- chapter 5. The Boltzmann equation and transport equations of charged particles -- chapter 6. General properties of charged particle transport in gases -- chapter 7. Modeling of nonequilibrium (low temperature) plasmas -- chapter 8. Numerical procedure of modeling -- chapter 9. Capacitively coupled plasma -- chapter 10. Inductively coupled plasma -- chapter 11. Magnetically enhanced plasma -- chapter 12. Plasma processing and related topics -- chapter 13. Atmospheric-pressure, low-temperature plasma.</subfield></datafield><datafield ind1=" " ind2=" " tag="506"><subfield code="a">Access restricted to authorized users and institutions.</subfield></datafield><datafield ind1=" " ind2=" " tag="596"><subfield code="a">44</subfield></datafield><datafield ind1=" " ind2="0" tag="650"><subfield code="a">Plasma engineering.</subfield></datafield><datafield ind1="1" ind2=" " tag="700"><subfield code="a">Petrovi&#263;, Z.,</subfield><subfield code="e">author.</subfield></datafield><datafield ind1="4" ind2="0" tag="856"><subfield code="3">University of Alberta Access</subfield><subfield code="u">http://marc.crcnetbase.com/isbn/9781482222104</subfield><subfield code="z">(Unlimited Concurrent Users)</subfield></datafield><datafield ind1=" " ind2=" " tag="949"><subfield code="h">UAIN</subfield><subfield code="z">CRC</subfield></datafield><datafield ind1=" " ind2=" " tag="926"><subfield code="a">Internet Access</subfield><subfield code="w">LC</subfield><subfield code="c">1</subfield><subfield code="i">6677753-1001</subfield><subfield code="l">INTERNET</subfield><subfield code="m">UAINTERNET</subfield><subfield code="r">Y</subfield><subfield code="s">Y</subfield><subfield code="t">E-RESOURCE</subfield><subfield code="u">9/15/2014</subfield><subfield code="x">E-BOOK</subfield><subfield code="z">CRC</subfield></datafield></record>